<record><leader>00000cas a22000007a 4500</leader><controlfield tag="001">17655438</controlfield><controlfield tag="008">880321d18861889ohuwr ne      0    0eng d</controlfield><datafield ind1=" " ind2=" " tag="010"><subfield code="a">sn 88078326 </subfield></datafield><datafield ind1=" " ind2=" " tag="040"><subfield code="a">ONP</subfield><subfield code="b">eng</subfield><subfield code="c">ONP</subfield><subfield code="d">OCLCQ</subfield></datafield><datafield ind1=" " ind2=" " tag="042"><subfield code="a">msc</subfield></datafield><datafield ind1="0" ind2="4" tag="245"><subfield code="a">The Palestine reveille.</subfield></datafield><datafield ind1=" " ind2=" " tag="260"><subfield code="a">East Palestine, Ohio :</subfield><subfield code="b">S.H. Maneval,</subfield><subfield code="c">1886-</subfield></datafield><datafield ind1=" " ind2=" " tag="310"><subfield code="a">Weekly</subfield></datafield><datafield ind1="0" ind2=" " tag="362"><subfield code="a">Vol. 1, no. 1 (Nov. 17, 1886)-</subfield></datafield><datafield ind1="1" ind2=" " tag="362"><subfield code="a">Ceased in 1889?</subfield></datafield><datafield ind1=" " ind2=" " tag="752"><subfield code="a">United States</subfield><subfield code="b">Ohio</subfield><subfield code="c">Columbiana</subfield><subfield code="d">East Palestine.</subfield></datafield><datafield ind1="0" ind2=" " tag="775"><subfield code="t">Daily reveille</subfield><subfield code="w">(DLC)sn 88078327</subfield></datafield><datafield ind1="0" ind2="0" tag="785"><subfield code="t">Republican reveille (East Palestine, Ohio)</subfield><subfield code="w">(DLC)sn 88078325</subfield></datafield></record>